@misc{Lichman:2013 ,
author = "M. Lichman",
year = "2013",
title = "{UCI} Machine Learning Repository",
url = "http://archive.ics.uci.edu/ml",
institution = "University of California, Irvine, School of Information and Computer Sciences" }

@misc{stop:2014 ,
year = "2014",
title = "NYC Stop and Frisk Data",
url = "http://www.nyclu.org/content/stop-and-frisk-data",
institution = "NYCLU" }

@inproceedings{kohavi-nbtree,
author={Ron Kohavi},
title={Scaling Up the Accuracy of Naive-Bayes Classifiers: a
Decision-Tree Hybrid},
booktitle={Proceedings of the Second International Conference on
Knowledge Discovery and Data Mining},
year = 1996,
pages={to appear}}

